<record><leader>00000cas a22000007a 4500</leader><controlfield tag="001">10715906</controlfield><controlfield tag="008">840510d18781913wiudr ne      0   a0eng d</controlfield><datafield ind1=" " ind2=" " tag="010"><subfield code="a">sn 84024420 </subfield></datafield><datafield ind1=" " ind2=" " tag="040"><subfield code="a">NPV</subfield><subfield code="b">eng</subfield><subfield code="c">NPV</subfield><subfield code="d">OCLCQ</subfield></datafield><datafield ind1=" " ind2=" " tag="042"><subfield code="a">msc</subfield></datafield><datafield ind1="0" ind2="0" tag="245"><subfield code="a">Janesville daily recorder.</subfield></datafield><datafield ind1="3" ind2="0" tag="246"><subfield code="a">Janesville recorder</subfield></datafield><datafield ind1=" " ind2=" " tag="260"><subfield code="a">Janesville, Wis. :</subfield><subfield code="b">Veeder &amp; Leonard</subfield></datafield><datafield ind1=" " ind2=" " tag="300"><subfield code="a">v. :</subfield><subfield code="b">ill. (chiefly advertisements)</subfield></datafield><datafield ind1=" " ind2=" " tag="310"><subfield code="a">Daily</subfield></datafield><datafield ind1="0" ind2=" " tag="362"><subfield code="a">-36th year, no. 166 (Sept. 21, 1913).</subfield></datafield><datafield ind1="1" ind2=" " tag="362"><subfield code="a">Began with Mar. 11, 1878 issue.</subfield><subfield code="z">Cf. Oehlerts, d. E. Guide to Wis. newspapers.</subfield></datafield><datafield ind1=" " ind2=" " tag="500"><subfield code="a">Title on publisher's statement: The Janesville recorder.</subfield></datafield><datafield ind1=" " ind2=" " tag="580"><subfield code="a">Also published in weekly ed. with title: Janesville weekly recorder, 1885-1886; Janesville weekly recorder and times, 1886-1893; recorder and times, 1893-1913.</subfield></datafield><datafield ind1=" " ind2=" " tag="588"><subfield code="a">Description based on: Vol. 2, no. 115 (July 21, 1879).</subfield></datafield><datafield ind1=" " ind2=" " tag="752"><subfield code="a">United States</subfield><subfield code="b">Wisconsin</subfield><subfield code="c">Rock</subfield><subfield code="d">Janesville.</subfield></datafield><datafield ind1="1" ind2=" " tag="775"><subfield code="t">Janesville weekly recorder</subfield><subfield code="w">(DLC)sn 85040677</subfield></datafield><datafield ind1="1" ind2=" " tag="775"><subfield code="t">Janesville weekly recorder and times</subfield><subfield code="w">(DLC)sn 85040678</subfield></datafield><datafield ind1="1" ind2=" " tag="775"><subfield code="t">Recorder and times</subfield><subfield code="w">(DLC)sn 85040679</subfield></datafield><datafield ind1="1" ind2=" " tag="029"><subfield code="a">AU@</subfield><subfield code="b">000025831539</subfield></datafield></record>